@article{vaswani2017attention,
  title   = {Attention is all you need},
  author  = {Vaswani, Ashish and Shazeer, Noam and Parmar, Niki and Uszkoreit, Jakob and Jones, Llion and Gomez, Aidan N and Kaiser, {\L}ukasz and Polosukhin, Illia},
  journal = {Advances in neural information processing systems},
  volume  = {30},
  year    = {2017}
}

@mastersthesis{1018047768.nh,
  author = { 王舒舒 },
  title  = {双通道软件无线电收发信机的FPGA实现},
  school = {哈尔滨工程大学},
  year   = {2015}
}